%% This BibTeX bibliography file was created using BibDesk.
%% http://bibdesk.sourceforge.net/


%% Created for Zening Qu at 2013-01-11 11:29:41 +0800 


%% Saved with string encoding Unicode (UTF-8) 

@INPROCEEDINGS{Gautier98, 
author={Gautier, L. and Diot, C.}, 
booktitle={Multimedia Computing and Systems, 1998. Proceedings. IEEE International Conference on}, title={Design and evaluation of MiMaze a multi-player game on the Internet }, 
year={1998}, 
month={June/July}, 
volume={}, 
number={}, 
pages={233--236}, 
ISSN={},}

@ARTICLE{Diot99, 
author={Diot, C. and Gautier, L.}, 
journal={Network, IEEE}, title={A distributed architecture for multiplayer interactive applications on the Internet}, 
year={1999}, 
month={July/August}, 
volume={13}, 
number={4}, 
pages={6--15}, 
ISSN={0890-8044},}

@inproceedings{Ferretti05,
 author = {Ferretti, Stefano and Roccetti, Marco},
 title = {Fast delivery of game events with an optimistic synchronization mechanism in massive multiplayer online games},
 booktitle = {Proceedings of the 2005 ACM SIGCHI International Conference on Advances in computer entertainment technology},
 series = {ACE '05},
 year = {2005},
 isbn = {1-59593-110-4},
 location = {Valencia, Spain},
 pages = {405--412},
 numpages = {8},
 url = {http://doi.acm.org/10.1145/1178477.1178570},
 doi = {10.1145/1178477.1178570},
 acmid = {1178570},
 publisher = {ACM},
 address = {New York, NY, USA},
 keywords = {evaluation, massive multiplayer online games, online entertainment, optimistic synchronization, responsiveness, synchronization},
} 

@article{Cronin04,
year={2004},
issn={1380-7501},
journal={Multimedia Tools and Applications},
volume={23},
issue={1},
doi={10.1023/B:MTAP.0000026839.31028.9f},
title={An Efficient Synchronization Mechanism for Mirrored Game Architectures},
url={http://dx.doi.org/10.1023/B%3AMTAP.0000026839.31028.9f},
publisher={Kluwer Academic Publishers},
keywords={consistency; game platforms; system architectures},
author={Cronin, Eric and Kurc, AnthonyR. and Filstrup, Burton and Jamin, Sugih},
pages={7-30},
language={English}
}


@INPROCEEDINGS{Fujimoto99, 
author={Fujimoto, R.M.}, 
booktitle={Simulation Conference Proceedings, 1999 Winter}, title={Parallel and distributed simulation}, 
year={1999}, 
month={}, 
volume={1}, 
number={}, 
pages={122--131}, 
ISSN={},}

@article{Suznjevic09,
year={2009},
issn={1380-7501},
journal={Multimedia Tools and Applications},
volume={45},
issue={1-3},
doi={10.1007/s11042-009-0300-1},
title={MMORPG Player actions: Network performance, session patterns and latency requirements analysis},
url={http://dx.doi.org/10.1007/s11042-009-0300-1},
publisher={Springer US},
keywords={MMORPG; Networked game; Player activity; Performance; Patterns},
author={Suznjevic, Mirko and Dobrijevic, Ognjen and Matijasevic, Maja},
pages={191-214},
language={English}
}


@inproceedings{Suznjevic08,
 author = {Suznjevic, Mirko and Matijasevic, Maja and Dobrijevic, Ognjen},
 title = {Action specific Massive Multiplayer Online Role Playing Games traffic analysis: case study of World of Warcraft},
 booktitle = {Proceedings of the 7th ACM SIGCOMM Workshop on Network and System Support for Games},
 series = {NetGames '08},
 year = {2008},
 isbn = {978-1-60558-132-3},
 location = {Worcester, Massachusetts},
 pages = {106--107},
 numpages = {2},
 url = {http://doi.acm.org/10.1145/1517494.1517519},
 doi = {10.1145/1517494.1517519},
 acmid = {1517519},
 publisher = {ACM},
 address = {New York, NY, USA},
 keywords = {MMORPG, network performance measurement, virtual world},
} 


@inproceedings{Schiano11,
 author = {Schiano, Diane J. and Nardi, Bonnie and Debeauvais, Thomas and Ducheneaut, Nicolas and Yee, Nicholas},
 title = {A new look at World of Warcraft's social landscape},
 booktitle = {Proceedings of the 6th International Conference on Foundations of Digital Games},
 series = {FDG '11},
 year = {2011},
 isbn = {978-1-4503-0804-5},
 location = {Bordeaux, France},
 pages = {174--179},
 numpages = {6},
 url = {http://doi.acm.org/10.1145/2159365.2159389},
 doi = {10.1145/2159365.2159389},
 acmid = {2159389},
 publisher = {ACM},
 address = {New York, NY, USA},
 keywords = {MMOs, World of Warcraft, demographics, game studies, online sociality, real-life relationships, social games},
} 

@misc{wow08,
Author={The9 Limited},
Howpublished={\url{http://www.the9.com/en/news/2008/news_080411.html}},
Month={April},
Year={2008},
Title={Blizzard Entertainment's World of Warcraft: The Burning Crusade Surpasses One Million Peak Concurrent Player Milestone in Mainland China},
}

@misc{wow12,
	Author = {Acquire Media and Blizzard Entertainment Inc.},
	Date-Added = {2013-01-11 03:22:47 +0000},
	Date-Modified = {2013-01-11 03:29:41 +0000},
	Howpublished = {\url{http://www.vivendi.com/wp-content/uploads/2012/10/121004_ATVI_Alliance-and-Horde-Armies-Grow-with-Launch-of-Mists-of-Pandaria1.pdf}},
	Month = {October},
	Title = {Alliance and Horde Armies Grow with Launch of Mists of Pandaria},
	Year = {2012}}

@article{Gilmore12,
	Author = {Gilmore, J.S. and Engelbrecht, H.A.},
	Issn = {1045-9219},
	Journal = {Parallel and Distributed Systems, IEEE Transactions on},
	Month = {May},
	Number = {5},
	Pages = {818--834},
	Title = {A Survey of State Persistency in Peer-to-Peer Massively Multiplayer Online Games},
	Volume = {23},
	Year = {2012}}

@inproceedings{Knutsson04,
	Author = {Knutsson, B. and Honghui Lu and Wei Xu and Hopkins, B.},
	Booktitle = {INFOCOM 2004. Twenty-third AnnualJoint Conference of the IEEE Computer and Communications Societies},
	Issn = {0743-166X},
	Month = {March},
	Pages = {xxxv+2866},
	Title = {Peer-to-peer support for massively multiplayer games},
	Volume = {1},
	Year = {2004}}

@inproceedings{Miller10,
	Author = {Miller, J.L. and Crowcroft, J.},
	Booktitle = {Network and Systems Support for Games (NetGames), 2010 9th Annual Workshop on},
	Issn = {2156-8138},
	Month = {November},
	Pages = {1--6},
	Title = {The near-term feasibility of P2P MMOG's},
	Year = {2010}}

@article{Fan10,
	Author = {Lu Fan and Phil Trinder and Hamish Taylor},
	Date-Added = {2013-01-10 14:09:04 +0000},
	Date-Modified = {2013-01-10 14:09:44 +0000},
	Journal = {International Journal of Advanced Media and Communication},
	Month = {January},
	Number = {2},
	Pages = {108--125},
	Title = {Design issues for Peer-to-Peer Massively Multiplayer Online Games},
	Volume = {4},
	Year = {2010}}

@article{Neumann07,
	Acmid = {1198269},
	Address = {New York, NY, USA},
	Author = {Neumann, Christoph and Prigent, Nicolas and Varvello, Matteo and Suh, Kyoungwon},
	Doi = {10.1145/1198255.1198269},
	Issn = {0146-4833},
	Issue_Date = {January 2007},
	Journal = {SIGCOMM Computer Communication Review},
	Keywords = {overlay online-gaming, peer-to-peer, security},
	Month = jan,
	Number = {1},
	Numpages = {4},
	Pages = {79--82},
	Publisher = {ACM},
	Title = {Challenges in peer-to-peer gaming},
	Url = {http://doi.acm.org/10.1145/1198255.1198269},
	Volume = {37},
	Year = {2007},
	Bdsk-Url-1 = {http://doi.acm.org/10.1145/1198255.1198269},
	Bdsk-Url-2 = {http://dx.doi.org/10.1145/1198255.1198269}}

@techreport{egalcar,
	Author = {Zening Qu and Jeff Burke},
	Date-Added = {2013-01-10 12:52:28 +0000},
	Date-Modified = {2013-01-10 12:53:17 +0000},
	Institution = {UCLA},
	Month = {October},
	Title = {Egal Car: A Peer-to-Peer Car Racing Game Synchronized Over Named Data Networking},
	Year = {2012}}

@misc{unityrank,
	Key = {UnityRank},
	Month = jun,
	Note = {\url{http://www.develop-online.net/news/32250/The-top-10-game-engines-revealed}},
	Title = {Develop\tm: The top 10 game engines revealed},
	Year = {2009}}

@misc{CCNxRepo,
	Key = {CCNxRepo},
	Note = {\url{http://www.ccnx.org/releases/latest/doc/technical/RepoProtocol.html}},
	Title = {{CCNx\textregistered~Repository Protocols}}}

@misc{CCNxCS,
	Key = {CCNxCS},
	Note = {\url{http://www.ccnx.org/releases/latest/doc/technical/CreateCollectionProtocol.html}},
	Title = {{CCNx\textregistered~Create Collection Protocol}}}

@misc{UnityCar,
	Key = {UnityCar},
	Note = {\url{http://unity3d.com/support/resources/tutorials/car-tutorial}},
	Title = {{Unity\tm~Car Tutorial}}}

@misc{CCNxSync,
	Key = {CCNxSync},
	Lastchecked = {\today},
	Note = {\url{http://www.ccnx.org/releases/latest/doc/technical/SynchronizationProtocol.html}},
	Title = {{CCNx\textregistered~Synchronization Protocol}},
	Urldate = {2012-06-07 11:20:39 PDT}}

@inproceedings{Upen,
	Author = {Knutsson, B. and H. Lu and W. Xu and Hopkins, B.},
	Booktitle = {Twenty-third AnnualJoint Conference of the IEEE Computer and Communications Societies},
	Doi = {10.1109/INFCOM.2004.1354485},
	Issn = {0743-166X},
	Keywords = {SimMud; massively multiplayer game; node failure; online player; peer-to-peer overlay support; player participation; self-organizing group; Internet; computer games;},
	Month = mar,
	Pages = {xxxv+2866},
	Series = {INFOCOM},
	Title = {Peer-to-peer support for massively multiplayer games},
	Volume = {1},
	Year = {2004},
	Bdsk-Url-1 = {http://dx.doi.org/10.1109/INFCOM.2004.1354485}}

@inproceedings{Doptbkt,
	Author = {Diot, C. and Gautier, L.},
	Booktitle = {IEEE Network},
	Date-Added = {2012-08-28 07:43:18 +0000},
	Date-Modified = {2012-08-28 07:43:46 +0000},
	Doi = {10.1109/65.777437},
	Issn = {0890-8044},
	Keywords = {IP multicast protocol suite;MBone;MiMaze;RTP/UDP/IP;best-effort network;dedicated transmission control mechanisms;design;distributed communication architecture;distributed multiplayer game;distributed synchronization;evaluation;implementation;multicast Internet;multiplayer interactive applications;network delay;real-time Internet;Internet;computer games;games of skill;interactive systems;multicast communication;real-time systems;transport protocols;},
	Month = aug,
	Number = {4},
	Pages = {6 -- 15},
	Title = {A distributed architecture for multiplayer interactive applications on the {Internet}},
	Volume = {13},
	Year = {1999},
	Bdsk-Url-1 = {http://dx.doi.org/10.1109/65.777437}}

@inproceedings{Flockstep,
	Author = {R.M. Fujimoto},
	Booktitle = {Proceedings of Simulation Conference},
	Doi = {10.1109/WSC.1999.823061},
	Keywords = {discrete-event simulations;distributed computers;distributed simulation;distributed virtual environments;model execution time;parallel algorithms;parallel computers;parallel simulation;discrete event simulation;distributed processing;parallel algorithms;parallel machines;},
	Pages = {122 -- 131},
	Title = {Parallel and distributed simulation},
	Volume = {1},
	Year = {1999},
	Bdsk-Url-1 = {http://dx.doi.org/10.1109/WSC.1999.823061}}

@techreport{Bryant,
	Address = {Cambridge, MA, USA},
	Author = {Bryant, R.E.},
	Publisher = {Massachusetts Institute of Technology},
	Source = {http://www.ncstrl.org:8900/ncstrl/servlet/search?formname=detail\&id=oai%3Ancstrlh%3Amitai%3AMIT-LCS%2F%2FMIT%2FLCS%2FTR-188},
	Title = {SIMULATION OF PACKET COMMUNICATION ARCHITECTURE COMPUTER SYSTEMS},
	Year = {1977}}

@inproceedings{Ldsg,
	Acmid = {1944815},
	Address = {Piscataway, NJ, USA},
	Articleno = {19},
	Author = {Lake, D. and Bowman, M. and Liu, H.},
	Booktitle = {Proceedings of the 9th Annual Workshop on Network and Systems Support for Games},
	Date-Added = {2012-08-28 05:13:56 +0000},
	Date-Modified = {2012-08-28 05:14:11 +0000},
	Isbn = {978-1-4244-8355-6},
	Keywords = {architecture, client, distributed, game, multiplayer, opensimulator, scaling, scene, server, virtual environment, virtual world},
	Location = {Taipei, Taiwan},
	Numpages = {6},
	Pages = {1 -- 6},
	Publisher = {IEEE Press},
	Series = {NetGames},
	Title = {Distributed scene graph to enable thousands of interacting users in a virtual environment},
	Url = {http://dl.acm.org/citation.cfm?id=1944796.1944815},
	Volume = {19},
	Year = {2010},
	Bdsk-Url-1 = {http://dl.acm.org/citation.cfm?id=1944796.1944815}}

@article{Csync,
	Author = {Cronin, E. and Kurc, A.R. and Filstrup, B. and Jamin, S.},
	Doi = {10.1023/B:MTAP.0000026839.31028.9f},
	Issn = {1380-7501},
	Journal = {Multimedia Tools and Applications},
	Keywords = {consistency,game platforms,system architectures},
	Month = may,
	Number = {1},
	Pages = {7 -- 30},
	Title = {An Efficient Synchronization Mechanism for Mirrored Game Architectures},
	Url = {http://www.springerlink.com/openurl.asp?id=doi:10.1023/B:MTAP.0000026839.31028.9f},
	Volume = {23},
	Year = {2004},
	Bdsk-Url-1 = {http://www.springerlink.com/openurl.asp?id=doi:10.1023/B:MTAP.0000026839.31028.9f},
	Bdsk-Url-2 = {http://dx.doi.org/10.1023/B:MTAP.0000026839.31028.9f}}

@inproceedings{Scheating,
	Acmid = {1306839},
	Address = {New York, NY, USA},
	Author = {Webb, S.D. and Soh, S.},
	Booktitle = {Proceedings of the 2nd international conference on Digital interactive media in entertainment and arts},
	Doi = {10.1145/1306813.1306839},
	Isbn = {978-1-59593-708-7},
	Keywords = {cheating, client/server, networked computer games, peer-to-peer},
	Location = {Perth, Australia},
	Numpages = {8},
	Pages = {105 -- 112},
	Publisher = {ACM},
	Series = {DIMEA},
	Title = {Cheating in networked computer games: a review},
	Url = {http://doi.acm.org/10.1145/1306813.1306839},
	Year = {2007},
	Bdsk-Url-1 = {http://doi.acm.org/10.1145/1306813.1306839},
	Bdsk-Url-2 = {http://dx.doi.org/10.1145/1306813.1306839}}

@article{Smed2002,
	Author = {Smed, J. and Hakonen, H.},
	Isbn = {9521209836},
	Number = {454},
	Title = {A Review on Networking and Multiplayer Computer Games},
	Year = {2002}}

@phdthesis{Fgame,
	Author = {Ferretti, S.},
	Date-Added = {2012-08-18 12:27:58 +0000},
	Date-Modified = {2012-09-09 12:05:28 +0000},
	Institution = {Department of Computer Science, University of Bologna},
	School = {University of Bologna},
	Title = {{Interactivity maintenance for event synchronization in massive multiplayer online games}},
	Url = {http://www.cs.unibo.it/pub/TR/UBLCS/2005/2005-05.pdf},
	Year = {2005},
	Bdsk-Url-1 = {http://www.cs.unibo.it/pub/TR/UBLCS/2005/2005-05.pdf}}

@article{Mattern1993,
	Author = {Mattern, F.},
	Date-Added = {2012-08-26 18:38:20 +0000},
	Date-Modified = {2012-08-26 18:38:20 +0000},
	Doi = {10.1006/jpdc.1993.1075},
	Issn = {07437315},
	Journal = {Journal of Parallel and Distributed Computing},
	Month = aug,
	Number = {4},
	Pages = {423 -- 434},
	Title = {Efficient Algorithms for Distributed Snapshots and Global Virtual Time Approximation},
	Url = {http://linkinghub.elsevier.com/retrieve/pii/S0743731583710750},
	Volume = {18},
	Year = {1993},
	Bdsk-Url-1 = {http://linkinghub.elsevier.com/retrieve/pii/S0743731583710750},
	Bdsk-Url-2 = {http://dx.doi.org/10.1006/jpdc.1993.1075}}

@article{Bui,
	Author = {Bui, P.T. and Lang, S. and Workman, D.A},
	Institution = {CiteSeerX - Scientific Literature Digital Library and Search Engine [http://citeseerx.ist.psu.edu/oai2] (United States)},
	Location = {http://www.scientificcommons.org/42348271},
	Title = {A New Conservative Synchronization Protocol for Dynamic Wargame Simulation},
	Year = {2008}}

@article{Chandy,
	Author = {K.M. Chandy and J. Misra},
	Doi = {10.1109/TSE.1979.230182},
	Issn = {0098-5589},
	Journal = {Software Engineering, IEEE Transactions on},
	Keywords = {Concurrent processes; distributed systems; performance; program proving; simulation;},
	Month = sep,
	Number = {5},
	Pages = {440 -- 452},
	Title = {Distributed Simulation: A Case Study in Design and Verification of Distributed Programs},
	Volume = {5},
	Year = {1979},
	Bdsk-Url-1 = {http://dx.doi.org/10.1109/TSE.1979.230182}}

@inproceedings{Zact,
	Address = {New York, NY, USA},
	Author = {Zhu, Z. and Wang, S. and Yang, X. and Jacobson, V and Zhang, L.},
	Booktitle = {Proceedings of the ACM SIGCOMM workshop on Information-centric networking},
	Citeulike-Article-Id = {10023703},
	Citeulike-Linkout-0 = {http://portal.acm.org/citation.cfm?id=2018584.2018601},
	Citeulike-Linkout-1 = {http://dx.doi.org/10.1145/2018584.2018601},
	Doi = {10.1145/2018584.2018601},
	Isbn = {978-1-4503-0801-4},
	Keywords = {cona},
	Location = {Toronto, Ontario, Canada},
	Pages = {68 -- 73},
	Posted-At = {2012-01-04 01:19:03},
	Priority = {2},
	Publisher = {ACM},
	Series = {ICN},
	Title = {{ACT: audio conference tool over named data networking}},
	Url = {http://dx.doi.org/10.1145/2018584.2018601},
	Year = {2011},
	Bdsk-Url-1 = {http://dx.doi.org/10.1145/2018584.2018601}}

@inproceedings{Jndn,
	Acmid = {1658941},
	Address = {New York, NY, USA},
	Author = {Jacobson, V. and Smetters, D.K. and Thornton, J.D.},
	Booktitle = {Proceedings of the 5th international conference on Emerging networking experiments and technologies},
	Doi = {10.1145/1658939.1658941},
	Isbn = {978-1-60558-636-6},
	Keywords = {content routing, content-based security, content-centric networking},
	Location = {Rome, Italy},
	Month = dec,
	Numpages = {12},
	Pages = {1 -- 12},
	Publisher = {ACM},
	Series = {CoNEXT},
	Title = {Networking named content},
	Url = {http://doi.acm.org/10.1145/1658939.1658941},
	Year = {2009},
	Bdsk-Url-1 = {http://doi.acm.org/10.1145/1658939.1658941},
	Bdsk-Url-2 = {http://dx.doi.org/10.1145/1658939.1658941}}
